% Encoding: UTF-8

@Book{cover2012elements,
  title     = {Elements of information theory},
  publisher = {John Wiley \& Sons},
  year      = {2012},
  author    = {Cover, Thomas M and Thomas, Joy A},
}

@Article{nerbonne2003introducing,
  author    = {Nerbonne, John and Kretzschmar, William},
  title     = {Introducing computational techniques in dialectometry},
  journal   = {Computers and the Humanities},
  year      = {2003},
  volume    = {37},
  number    = {3},
  pages     = {245--255},
  publisher = {Springer},
}

@Article{nerbonne2006progress,
  author    = {Nerbonne, John and Kretzschmar, William},
  title     = {Progress in dialectometry: toward explanation},
  journal   = {Literary and Linguistic Computing},
  year      = {2006},
  volume    = {21},
  number    = {4},
  pages     = {387--397},
  publisher = {EADH: The European Association for Digital Humanities},
}

@InProceedings{tolle2005macroscope,
  author       = {Tolle, Gilman and Polastre, Joseph and Szewczyk, Robert and Culler, David and Turner, Neil and Tu, Kevin and Burgess, Stephen and Dawson, Todd and Buonadonna, Phil and Gay, David and others},
  title        = {A macroscope in the redwoods},
  booktitle    = {Proceedings of the 3rd international conference on Embedded networked sensor systems},
  year         = {2005},
  pages        = {51--63},
  organization = {ACM},
}

@InProceedings{aghagolzadeh2007hierarchical,
  author       = {Aghagolzadeh, Mehdi and Soltanian-Zadeh, Hamid and Araabi, B and Aghagolzadeh, Ali},
  title        = {A hierarchical clustering based on mutual information maximization},
  booktitle    = {Image Processing, 2007. ICIP 2007. IEEE International Conference on},
  year         = {2007},
  volume       = {1},
  pages        = {I--277},
  organization = {IEEE},
}

@Article{kuhn1955hungarian,
  author    = {Kuhn, Harold W},
  title     = {The Hungarian method for the assignment problem},
  journal   = {Naval Research Logistics (NRL)},
  year      = {1955},
  volume    = {2},
  number    = {1-2},
  pages     = {83--97},
  publisher = {Wiley Online Library},
}

@Comment{jabref-meta: databaseType:bibtex;}
